@book{bar1995,
  title={Multitarget-multisensor Tracking: Principles and Techniques},
  author={Bar-Shalom, Y. and Li, X.R.},
  isbn={9780964831209},
  year={1995},
  publisher={Yaakov Bar-Shalom}
}
@book{kalmanFilter,
  title={Kalman Filter from the ground up},
  author={Becker A.},
  isbn={978-965-93120-1-6},
  year={2023},
  publisher={Alex Becker}
}
@article{nonlinearParticleFilter,
  author={Arulampalam, M.S. and Maskell, S. and Gordon, N. and Clapp, T.},
  journal={IEEE Transactions on Signal Processing}, 
  title={A tutorial on particle filters for online nonlinear/non-Gaussian Bayesian tracking}, 
  year={2002},
  volume={50},
  number={2},
  pages={174-188},
  doi={10.1109/78.978374}
}
@book{brekke,
  title={Fundamentals of Sensor Fusion},
  author={Brekke E.},
  year={2020},
  publisher={Norwegian University of Science and Technology}
}

@article{mahler,
  author={Mahler, R.P.S.},
  journal={IEEE Transactions on Aerospace and Electronic Systems}, 
  title={Multitarget Bayes filtering via first-order multitarget moments}, 
  year={2003},
  volume={39},
  number={4},
  pages={1152-1178},
  doi={10.1109/TAES.2003.1261119}
}

@article{milan2016,
  title={MOT16: A benchmark for multi-object tracking},
  author={Milan, Anton and Leal-Taix{\'e}, Laura and Reid, Ian and Roth, Stefan and Schindler, Konrad},
  journal={arXiv preprint arXiv:1603.00831},
  year={2016}
}

@INPROCEEDINGS{Hendeby2014Gaussian,
  author={Hendeby, Gustaf and Karlsson, Rickard},
  booktitle={17th International Conference on Information Fusion (FUSION)}, 
  title={Gaussian mixture PHD filtering with variable probability of detection}, 
  year={2014},
  volume={},
  number={},
  pages={1-7},
  doi={}
}

@ARTICLE{Mahler2011cphd,
  author={Mahler, Ronald P. S. and Vo, Ba-Tuong and Vo, Ba-Ngu},
  journal={IEEE Transactions on Signal Processing}, 
  title={CPHD Filtering With Unknown Clutter Rate and Detection Profile}, 
  year={2011},
  volume={59},
  number={8},
  pages={3497-3513},
  doi={10.1109/TSP.2011.2128316}
}

@ARTICLE{Vo2013Robust,
  author={Vo, Ba-Tuong and Vo, Ba-Ngu and Hoseinnezhad, Reza and Mahler, Ronald P. S.},
  journal={IEEE Journal of Selected Topics in Signal Processing}, 
  title={Robust Multi-Bernoulli Filtering}, 
  year={2013},
  volume={7},
  number={3},
  pages={399-409},
  doi={10.1109/JSTSP.2013.2252325}
}
@ARTICLE{Kong2021Robust,
  author={Li, Guchong and Kong, Lingjiang and Yi, Wei and Li, Xiaolong},
  journal={IEEE Transactions on Vehicular Technology}, 
  title={Robust Poisson Multi-Bernoulli Mixture Filter With Unknown Detection Probability}, 
  year={2021},
  volume={70},
  number={1},
  pages={886-899},
  doi={10.1109/TVT.2020.3047107}
}
@ARTICLE{Li2018PHD,
  author={Li, Chenming and Wang, Wenguang and Kirubarajan, Thia and Sun, Jinping and Lei, Peng},
  journal={IEEE Transactions on Signal Processing}, 
  title={PHD and CPHD Filtering With Unknown Detection Probability}, 
  year={2018},
  volume={66},
  number={14},
  pages={3784-3798},
  doi={10.1109/TSP.2018.2835398}}
@INPROCEEDINGS{wei2023BGMPHD,
  author={Wei, Jingxin and Luo, Feng and Qi, Jiawei and Ruan, Luyao},
  booktitle={2023 6th International Conference on Information Communication and Signal Processing (ICICSP)}, 
  title={A Modified BGM-PHD Filter with Unknown Detection Probability}, 
  year={2023},
  volume={},
  number={},
  pages={492-496},
  doi={10.1109/ICICSP59554.2023.10390615}}
@INPROCEEDINGS{Hanusa2013Track,
  author={Hanusa, Evan and Krout, David W.},
  booktitle={2013 Asilomar Conference on Signals, Systems and Computers}, 
  title={Track state augmentation for estimation of probability of detection in multistatic sonar data}, 
  year={2013},
  volume={},
  number={},
  pages={1733-1737},
  doi={10.1109/ACSSC.2013.6810598}}
@INPROCEEDINGS{Horn2013Near,
  author={Horn, Steven},
  booktitle={Proceedings of the 16th International Conference on Information Fusion}, 
  title={Near real time estimation of surveillance gaps}, 
  year={2013},
  volume={},
  number={},
  pages={1871-1877},
  doi={}}
@ARTICLE{Wei2022Trajectory,
  author={Wei, Shaoxiu and Zhang, Boxiang and Yi, Wei},
  journal={IEEE Transactions on Vehicular Technology}, 
  title={Trajectory PHD and CPHD Filters With Unknown Detection Profile}, 
  year={2022},
  volume={71},
  number={8},
  pages={8042-8058},
  doi={10.1109/TVT.2022.3174055}}
@INPROCEEDINGS{yanYolo2023,
  author={Yan, Shangqu and Fu, Yaowen and Zhang, Wenpeng and Yang, Wei and Yu, Ruofeng and Zhang, Fatong},
  booktitle={2023 5th International Conference on Electronic Engineering and Informatics (EEI)}, 
  title={Multi-Target Instance Segmentation and Tracking Using YOLOV8 and BoT-SORT for Video SAR}, 
  year={2023},
  volume={},
  number={},
  pages={506-510},
  doi={10.1109/EEI59236.2023.10212903}}

@ARTICLE{GarciaPMBM2018,
  author={García-Fernández, Ángel F. and Williams, Jason L. and Granström, Karl and Svensson, Lennart},
  journal={IEEE Transactions on Aerospace and Electronic Systems}, 
  title={Poisson Multi-Bernoulli Mixture Filter: Direct Derivation and Implementation}, 
  year={2018},
  volume={54},
  number={4},
  pages={1883-1901},
  doi={10.1109/TAES.2018.2805153}}
@ARTICLE{VoMaPHD2006,
  author={Vo, B.-N. and Ma, W.-K.},
  journal={IEEE Transactions on Signal Processing}, 
  title={The Gaussian Mixture Probability Hypothesis Density Filter}, 
  year={2006},
  volume={54},
  number={11},
  pages={4091-4104},
  doi={10.1109/TSP.2006.881190}}


@article{BulutEastimation2011,
    author = {Bulut, Yalcin and Vines-Cavanaugh, D. and Bernal, Dionisio},
    year = {2011},
    month = {05},
    pages = {},
    title = {Process and Measurement Noise Estimation for Kalman Filtering},
    volume = {3},
    isbn = {978-1-4419-9833-0},
    journal = {Conference Proceedings of the Society for Experimental Mechanics Series},
    doi = {10.1007/978-1-4419-9834-7_36}
}

@ARTICLE{BarShalomPDA,
  author={Bar-Shalom, Yaakov and Daum, Fred and Huang, Jim},
  journal={IEEE Control Systems Magazine},
  title={The probabilistic data association filter},
  year={2009},
  volume={29},
  number={6},
  pages={82-100},
 }
@ARTICLE{DedeciusSeq2017,
  author={Dedecius, Kamil and Djurić, Petar M.},
  journal={IEEE Transactions on Signal Processing},
  title={Sequential Estimation and Diffusion of Information Over Networks: A Bayesian Approach With Exponential Family of Distributions},
  year={2017},
  volume={65},
  number={7},
  pages={1795-1809},
  keywords={Bayes methods;Estimation;Hidden Markov models;Kalman filters;Signal processing algorithms;Stochastic processes;Inference algorithms;Diffusion network;diffusion estimation;adaptation;combination;exponential family},
  doi={10.1109/TSP.2016.2641380}}

@ARTICLE{Particle_Gustafsson2002,
  author={Gustafsson, F. and Gunnarsson, F. and Bergman, N. and Forssell, U. and Jansson, J. and Karlsson, R. and Nordlund, P.-J.},
  journal={IEEE Transactions on Signal Processing},
  title={Particle filters for positioning, navigation, and tracking},
  year={2002},
  volume={50},
  number={2},
  pages={425-437},
  doi={10.1109/78.978396}}
@ARTICLE{Particle_Khan2005,
  author={Zia Khan and Balch, T. and Dellaert, F.},
  journal={IEEE Transactions on Pattern Analysis and Machine Intelligence},
  title={MCMC-based particle filtering for tracking a variable number of interacting targets},
  year={2005},
  volume={27},
  number={11},
  pages={1805-1819},
  doi={10.1109/TPAMI.2005.223}}
@ARTICLE{Particle_Doucet2001,
  author={Doucet, A. and Gordon, N.J. and Krishnamurthy, V.},
  journal={IEEE Transactions on Signal Processing},
  title={Particle filters for state estimation of jump Markov linear systems},
  year={2001},
  volume={49},
  number={3},
  pages={613-624},
  doi={10.1109/78.905890}}
@book{FISSTgoodman1997,
  title={Mathematics of Data Fusion},
  author={Goodman, I.R. and Mahler, R.P. and Nguyen, H.T.},
  isbn={9780792346746},
  lccn={97026122},
  series={Theory and Decision Library B},
  year={1997},
  publisher={Springer Netherlands}
}
@INPROCEEDINGS{VoRFS2003,
  author={Ba-Ngu Vo and Singh, S. and Doucet, A.},
  booktitle={2003 Proceedings of the International Conference on Radar (IEEE Cat. No.03EX695)},
  title={Random finite sets and sequential Monte Carlo methods in multi-target tracking},
  year={2003},
  volume={},
  number={},
  pages={486-491},
  keywords={Filters;Sliding mode control;Filtering;Monte Carlo methods;Target tracking;Bayesian methods;Computational complexity;Statistics;Set theory;Casting},
  doi={10.1109/RADAR.2003.1278790}}
@book{daley2003,
  author = {Daley, D.J. and Vere-Jones, D.},
  month = {11},
  publisher = {Springer},
  title = {{An introduction to the theory of point processes}},
  year = {2003},
}
@book{bar1988tracking,
  title={Tracking and Data Association},
  author={Bar-Shalom, Y. and Fortmann, T.E.},
  isbn={9780120797608},
  lccn={lc87022678},
  series={Mathematics in science and engineering},
  year={1988},
  publisher={Academic Press}
}
@INPROCEEDINGS{HadarHMMHigherOrder,
  author={Hadar, Uri and messer, Hagit},
  booktitle={2009 IEEE/SP 15th Workshop on Statistical Signal Processing},
  title={High-order Hidden Markov Models - estimation and implementation},
  year={2009},
  volume={},
  number={},
  pages={249-252},
  doi={10.1109/SSP.2009.5278591}}

@INPROCEEDINGS{HaarCascadesLi2016,
  author={Li, Yunyang and Xu, Xin and Mu, Nan and Chen, Li},
  booktitle={2016 IEEE 11th Conference on Industrial Electronics and Applications (ICIEA)},
  title={Eye-gaze tracking system by haar cascade classifier},
  year={2016},
  volume={},
  number={},
  pages={564-567},
  doi={10.1109/ICIEA.2016.7603648}}

@INPROCEEDINGS{HoOGDalal2005,
  author={Dalal, N. and Triggs, B.},
  booktitle={2005 IEEE Computer Society Conference on Computer Vision and Pattern Recognition (CVPR'05)},
  title={Histograms of oriented gradients for human detection},
  year={2005},
  volume={1},
  number={},
  pages={886-893 vol. 1},
  doi={10.1109/CVPR.2005.177}}

@INPROCEEDINGS{SemanticSegmentationGuo2022,
  author={Guo, Yuanhui and Yang, Biao},
  booktitle={2022 International Conference on Machine Learning, Cloud Computing and Intelligent Mining (MLCCIM)},
  title={A Survey of Semantic Segmentation Methods in Traffic Scenarios},
  year={2022},
  volume={},
  number={},
  pages={452-457},
  doi={10.1109/MLCCIM55934.2022.00083}}

@INPROCEEDINGS{YOLORedmon2016,
  author={Redmon, Joseph and Divvala, Santosh and Girshick, Ross and Farhadi, Ali},
  booktitle={2016 IEEE Conference on Computer Vision and Pattern Recognition (CVPR)},
  title={You Only Look Once: Unified, Real-Time Object Detection},
  year={2016},
  volume={},
  number={},
  pages={779-788},
  doi={10.1109/CVPR.2016.91}}

@article{YoloVersions2022,
  title = {A Review of Yolo Algorithm Developments},
  journal = {Procedia Computer Science},
  volume = {199},
  pages = {1066-1073},
  year = {2022},
  note = {The 8th International Conference on Information Technology and Quantitative Management (ITQM 2020 & 2021): Developing Global Digital Economy after COVID-19},
  issn = {1877-0509},
  doi = {https://doi.org/10.1016/j.procs.2022.01.135},
  author = {Peiyuan Jiang and Daji Ergu and Fangyao Liu and Ying Cai and Bo Ma},
}

@INPROCEEDINGS{MaskRCNN2017,
  author={He, Kaiming and Gkioxari, Georgia and Dollár, Piotr and Girshick, Ross},
  booktitle={2017 IEEE International Conference on Computer Vision (ICCV)},
  title={Mask R-CNN},
  year={2017},
  volume={},
  number={},
  pages={2980-2988},
  keywords={Feature extraction;Image segmentation;Object detection;Semantics;Quantization (signal);Robustness},
  doi={10.1109/ICCV.2017.322}}

@misc{IBM,
  url={https://www.ibm.com/topics/image-segmentation},
  journal={IBM},
  title= {What is image segmentation?},
  urldate = {2024-05-04}
}

@INPROCEEDINGS{RCNN2014,
  author={Girshick, Ross and Donahue, Jeff and Darrell, Trevor and Malik, Jitendra},
  booktitle={2014 IEEE Conference on Computer Vision and Pattern Recognition},
  title={Rich Feature Hierarchies for Accurate Object Detection and Semantic Segmentation},
  year={2014},
  volume={},
  number={},
  pages={580-587},
  doi={10.1109/CVPR.2014.81}}

@INPROCEEDINGS{FPNLin2017,
  author={Lin, Tsung-Yi and Dollár, Piotr and Girshick, Ross and He, Kaiming and Hariharan, Bharath and Belongie, Serge},
  booktitle={2017 IEEE Conference on Computer Vision and Pattern Recognition (CVPR)},
  title={Feature Pyramid Networks for Object Detection},
  year={2017},
  volume={},
  number={},
  pages={936-944},
  doi={10.1109/CVPR.2017.106}}

@article{mohan2020efficientps,
  title={Efficientps: Efficient panoptic segmentation},
  author={Mohan, Rohit and Valada, Abhinav},
  journal={International Journal of Computer Vision (IJCV)},
  year={2021}
}
@article{zhang2019oanet,
  title={Learning Two-View Correspondences and Geometry Using Order-Aware Network},
  author={Zhang, Jiahui and Sun, Dawei and Luo, Zixin and Yao, Anbang and Zhou, Lei and Shen, Tianwei and Chen, Yurong and Quan, Long and Liao, Hongen},
  journal={International Conference on Computer Vision (ICCV)},
  year={2019}
}

@misc{kirillov2019panoptic,
  title={Panoptic Feature Pyramid Networks},
  author={Alexander Kirillov and Ross Girshick and Kaiming He and Piotr Dollár},
  year={2019},
  eprint={1901.02446},
  archivePrefix={arXiv},
  primaryClass={cs.CV}
}

@misc{xiong2019upsnet,
  title={UPSNet: A Unified Panoptic Segmentation Network},
  author={Yuwen Xiong and Renjie Liao and Hengshuang Zhao and Rui Hu and Min Bai and Ersin Yumer and Raquel Urtasun},
  year={2019},
  eprint={1901.03784},
  archivePrefix={arXiv},
  primaryClass={cs.CV}
}

@misc{yang2019sognet,
  title={SOGNet: Scene Overlap Graph Network for Panoptic Segmentation},
  author={Yibo Yang and Hongyang Li and Xia Li and Qijie Zhao and Jianlong Wu and Zhouchen Lin},
  year={2019},
  eprint={1911.07527},
  archivePrefix={arXiv},
  primaryClass={cs.CV}
}

@misc{wu2020bidirectional,
  title={Bidirectional Graph Reasoning Network for Panoptic Segmentation},
  author={Yangxin Wu and Gengwei Zhang and Yiming Gao and Xiajun Deng and Ke Gong and Xiaodan Liang and Liang Lin},
  year={2020},
  eprint={2004.06272},
  archivePrefix={arXiv},
  primaryClass={cs.CV}
}

@misc{sun2019aunet,
  title={AUNet: Attention-guided dense-upsampling networks for breast mass segmentation in whole mammograms},
  author={Hui Sun and Cheng Li and Boqiang Liu and Hairong Zheng and David Dagan Feng and Shanshan Wang},
  year={2019},
  eprint={1810.10151},
  archivePrefix={arXiv},
  primaryClass={cs.CV}
}

@ARTICLE{otsu1979,
  author={Otsu, Nobuyuki},
  journal={IEEE Transactions on Systems, Man, and Cybernetics},
  title={A Threshold Selection Method from Gray-Level Histograms},
  year={1979},
  volume={9},
  number={1},
  pages={62-66},
  doi={10.1109/TSMC.1979.4310076}}

@ARTICLE{Edgedet1986,
  author={Canny, John},
  journal={IEEE Transactions on Pattern Analysis and Machine Intelligence},
  title={A Computational Approach to Edge Detection},
  year={1986},
  volume={PAMI-8},
  number={6},
  pages={679-698},
  doi={10.1109/TPAMI.1986.4767851}}

@ARTICLE{Watershed1991,
  author={Vincent, L. and Soille, P.},
  journal={IEEE Transactions on Pattern Analysis and Machine Intelligence},
  title={Watersheds in digital spaces: an efficient algorithm based on immersion simulations},
  year={1991},
  volume={13},
  number={6},
  pages={583-598},
  doi={10.1109/34.87344}}

@ARTICLE{RCNN2016,
  author={Girshick, Ross and Donahue, Jeff and Darrell, Trevor and Malik, Jitendra},
  journal={IEEE Transactions on Pattern Analysis and Machine Intelligence},
  title={Region-Based Convolutional Networks for Accurate Object Detection and Segmentation},
  year={2016},
  volume={38},
  number={1},
  pages={142-158},
  doi={10.1109/TPAMI.2015.2437384}}

@ARTICLE{ClusteringSeg1979,
  author={Coleman, G.B. and Andrews, H.C.},
  journal={Proceedings of the IEEE},
  title={Image segmentation by clustering},
  year={1979},
  volume={67},
  number={5},
  pages={773-785},
  doi={10.1109/PROC.1979.11327}}

@INPROCEEDINGS{FCNLong2015,
  author={Long, Jonathan and Shelhamer, Evan and Darrell, Trevor},
  booktitle={2015 IEEE Conference on Computer Vision and Pattern Recognition (CVPR)},
  title={Fully convolutional networks for semantic segmentation},
  year={2015},
  volume={},
  number={},
  pages={3431-3440},
  keywords={Semantics;Training;Convolution;Image segmentation;Computer architecture;Deconvolution;Adaptation models},
  doi={10.1109/CVPR.2015.7298965}}

@misc{ronneberger2015unet,
  title={U-Net: Convolutional Networks for Biomedical Image Segmentation},
  author={Olaf Ronneberger and Philipp Fischer and Thomas Brox},
  year={2015},
  eprint={1505.04597},
  archivePrefix={arXiv},
  primaryClass={cs.CV}
}

@ARTICLE{Deeplab2018,
  author={Chen, Liang-Chieh and Papandreou, George and Kokkinos, Iasonas and Murphy, Kevin and Yuille, Alan L.},
  journal={IEEE Transactions on Pattern Analysis and Machine Intelligence},
  title={DeepLab: Semantic Image Segmentation with Deep Convolutional Nets, Atrous Convolution, and Fully Connected CRFs},
  year={2018},
  volume={40},
  number={4},
  pages={834-848},
  doi={10.1109/TPAMI.2017.2699184}}

@misc{vaswani2023attention,
  title={Attention Is All You Need},
  author={Ashish Vaswani and Noam Shazeer and Niki Parmar and Jakob Uszkoreit and Llion Jones and Aidan N. Gomez and Lukasz Kaiser and Illia Polosukhin},
  year={2023},
  eprint={1706.03762},
  archivePrefix={arXiv},
  primaryClass={cs.CL}
}
@INPROCEEDINGS{DeepResidual2016,
  author={He, Kaiming and Zhang, Xiangyu and Ren, Shaoqing and Sun, Jian},
  booktitle={2016 IEEE Conference on Computer Vision and Pattern Recognition (CVPR)},
  title={Deep Residual Learning for Image Recognition},
  year={2016},
  volume={},
  number={},
  pages={770-778},
  keywords={Training;Degradation;Complexity theory;Image recognition;Neural networks;Visualization;Image segmentation},
  doi={10.1109/CVPR.2016.90}}

@misc{ba2016layer,
  title={Layer Normalization},
  author={Jimmy Lei Ba and Jamie Ryan Kiros and Geoffrey E. Hinton},
  year={2016},
  eprint={1607.06450},
  archivePrefix={arXiv},
  primaryClass={stat.ML}
}
@misc{kingma2017adam,
  title={Adam: A Method for Stochastic Optimization},
  author={Diederik P. Kingma and Jimmy Ba},
  year={2017},
  eprint={1412.6980},
  archivePrefix={arXiv},
  primaryClass={cs.LG}
}

@misc{rakhlin2012making,
  title={Making Gradient Descent Optimal for Strongly Convex Stochastic Optimization},
  author={Alexander Rakhlin and Ohad Shamir and Karthik Sridharan},
  year={2012},
  eprint={1109.5647},
  archivePrefix={arXiv},
  primaryClass={cs.LG}
}
@misc{SAM2023,
  title={Segment Anything},
  author={Alexander Kirillov and Eric Mintun and Nikhila Ravi and Hanzi Mao and Chloe Rolland and Laura Gustafson and Tete Xiao and Spencer Whitehead and Alexander C. Berg and Wan-Yen Lo and Piotr Dollár and Ross Girshick},
  year={2023},
  eprint={2304.02643},
  archivePrefix={arXiv},
  primaryClass={cs.CV}
}

@ARTICLE{FocalLoss2020,
  author={Lin, Tsung-Yi and Goyal, Priya and Girshick, Ross and He, Kaiming and Dollár, Piotr},
  journal={IEEE Transactions on Pattern Analysis and Machine Intelligence},
  title={Focal Loss for Dense Object Detection},
  year={2020},
  volume={42},
  number={2},
  pages={318-327},
  doi={10.1109/TPAMI.2018.2858826}}

@INPROCEEDINGS{DiceLoss2016,
  author={Milletari, Fausto and Navab, Nassir and Ahmadi, Seyed-Ahmad},
  booktitle={2016 Fourth International Conference on 3D Vision (3DV)},
  title={V-Net: Fully Convolutional Neural Networks for Volumetric Medical Image Segmentation},
  year={2016},
  volume={},
  number={},
  pages={565-571},
  doi={10.1109/3DV.2016.79}}

@misc{ren2024grounded,
  title={Grounded SAM: Assembling Open-World Models for Diverse Visual Tasks},
  author={Tianhe Ren and Shilong Liu and Ailing Zeng and Jing Lin and Kunchang Li and He Cao and Jiayu Chen and Xinyu Huang and Yukang Chen and Feng Yan and Zhaoyang Zeng and Hao Zhang and Feng Li and Jie Yang and Hongyang Li and Qing Jiang and Lei Zhang},
  year={2024},
  eprint={2401.14159},
  archivePrefix={arXiv},
  primaryClass={cs.CV}
}

@misc{liu2023grounding,
  title={Grounding DINO: Marrying DINO with Grounded Pre-Training for Open-Set Object Detection},
  author={Shilong Liu and Zhaoyang Zeng and Tianhe Ren and Feng Li and Hao Zhang and Jie Yang and Chunyuan Li and Jianwei Yang and Hang Su and Jun Zhu and Lei Zhang},
  year={2023},
  eprint={2303.05499},
  archivePrefix={arXiv},
  primaryClass={cs.CV}
}
@misc{li2022blip,
  title={BLIP: Bootstrapping Language-Image Pre-training for Unified Vision-Language Understanding and Generation},
  author={Junnan Li and Dongxu Li and Caiming Xiong and Steven Hoi},
  year={2022},
  eprint={2201.12086},
  archivePrefix={arXiv},
  primaryClass={cs.CV}
}
@misc{zhang2023recognize,
  title={Recognize Anything: A Strong Image Tagging Model},
  author={Youcai Zhang and Xinyu Huang and Jinyu Ma and Zhaoyang Li and Zhaochuan Luo and Yanchun Xie and Yuzhuo Qin and Tong Luo and Yaqian Li and Shilong Liu and Yandong Guo and Lei Zhang},
  year={2023},
  eprint={2306.03514},
  archivePrefix={arXiv},
  primaryClass={cs.CV}
}
@misc{rombach2022highresolution,
  title={High-Resolution Image Synthesis with Latent Diffusion Models},
  author={Robin Rombach and Andreas Blattmann and Dominik Lorenz and Patrick Esser and Björn Ommer},
  year={2022},
  eprint={2112.10752},
  archivePrefix={arXiv},
  primaryClass={cs.CV}
}
@INPROCEEDINGS{OSX2023,
  author={Lin, Jing and Zeng, Ailing and Wang, Haoqian and Zhang, Lei and Li, Yu},
  booktitle={2023 IEEE/CVF Conference on Computer Vision and Pattern Recognition (CVPR)},
  title={One-Stage 3D Whole-Body Mesh Recovery with Component Aware Transformer},
  year={2023},
  volume={},
  number={},
  pages={21159-21168},
  doi={10.1109/CVPR52729.2023.02027}}

@misc{wu2023visual,
  title={Visual ChatGPT: Talking, Drawing and Editing with Visual Foundation Models},
  author={Chenfei Wu and Shengming Yin and Weizhen Qi and Xiaodong Wang and Zecheng Tang and Nan Duan},
  year={2023},
  eprint={2303.04671},
  archivePrefix={arXiv},
  primaryClass={cs.CV}
}
@misc{huang2023openset,
  title={Open-Set Image Tagging with Multi-Grained Text Supervision},
  author={Xinyu Huang and Yi-Jie Huang and Youcai Zhang and Weiwei Tian and Rui Feng and Yuejie Zhang and Yanchun Xie and Yaqian Li and Lei Zhang},
  year={2023},
  eprint={2310.15200},
  archivePrefix={arXiv},
  primaryClass={cs.CV}
}
@misc{chen2023voxelnext,
  title={VoxelNeXt: Fully Sparse VoxelNet for 3D Object Detection and Tracking},
  author={Yukang Chen and Jianhui Liu and Xiangyu Zhang and Xiaojuan Qi and Jiaya Jia},
  year={2023},
  eprint={2303.11301},
  archivePrefix={arXiv},
  primaryClass={cs.CV}
}